<record><leader>00000cas a22000007a 4500</leader><controlfield tag="001">10681230</controlfield><controlfield tag="008">840502c19849999mauwr ne      0   a0eng d</controlfield><datafield ind1=" " ind2=" " tag="010"><subfield code="a">sn 84005236 </subfield></datafield><datafield ind1=" " ind2=" " tag="040"><subfield code="a">NSD</subfield><subfield code="b">eng</subfield><subfield code="c">NSD</subfield><subfield code="d">MGN</subfield><subfield code="d">OCLCQ</subfield></datafield><datafield ind1=" " ind2=" " tag="012"><subfield code="m">1</subfield></datafield><datafield ind1="1" ind2=" " tag="022"><subfield code="a">0747-2692</subfield><subfield code="l">0747-2692</subfield><subfield code="2">1</subfield></datafield><datafield ind1=" " ind2=" " tag="032"><subfield code="a">722210</subfield><subfield code="b">USPS</subfield></datafield><datafield ind1=" " ind2=" " tag="037"><subfield code="b">The Kingston Reporter, P.O. Box 959, Plymouth, MA 02360</subfield></datafield><datafield ind1=" " ind2=" " tag="042"><subfield code="a">nsdp</subfield></datafield><datafield ind1=" " ind2="0" tag="222"><subfield code="a">Kingston reporter</subfield></datafield><datafield ind1="0" ind2="0" tag="245"><subfield code="a">Kingston reporter.</subfield></datafield><datafield ind1=" " ind2=" " tag="260"><subfield code="a">Plymouth, MA :</subfield><subfield code="b">MPG Communications</subfield></datafield><datafield ind1=" " ind2=" " tag="300"><subfield code="a">v.</subfield></datafield><datafield ind1=" " ind2=" " tag="310"><subfield code="a">Weekly</subfield></datafield><datafield ind1="0" ind2=" " tag="362"><subfield code="a">Vol. 1, no. 1 (Feb. 9, 1984)-</subfield></datafield><datafield ind1=" " ind2=" " tag="752"><subfield code="a">United States</subfield><subfield code="b">Massachusetts</subfield><subfield code="c">Plymouth</subfield><subfield code="d">Plymouth.</subfield></datafield><datafield ind1=" " ind2=" " tag="752"><subfield code="a">United States</subfield><subfield code="b">Massachusetts</subfield><subfield code="c">Plymouth</subfield><subfield code="d">Kingston.</subfield></datafield><datafield ind1="0" ind2="1" tag="780"><subfield code="t">Silver lake news</subfield><subfield code="x">0746-6064</subfield><subfield code="w">(DLC)sn 83009958</subfield></datafield><datafield ind1=" " ind2=" " tag="936"><subfield code="a">Feb. 9, 1984</subfield></datafield></record>